% Encoding: UTF-8


@Electronic{goodfellow_deeplearning_book,
  Title                    = {Deep Learning Book},
  Author                   = {Ian Goodfellow and Yoshua Bengio and Aaron Courville},
  Note                     = {Book in preparation for MIT Press},
  Url                      = {http://www.deeplearningbook.org/},
  Year                     = {2016},

  Owner                    = {fox},
  Timestamp                = {2016.09.19}
}

@Electronic{ref1,
	Title                    = {Redes Neurais: princípios e práticas},
	Author                   = {H. Simon},
	Year                     = {2001},
	Owner                    = {2.ed, Porto Alegre: Bookman}]
}

@Electronic{imagenet,
  Title                    = {ImageNet},
  Author                   = {ImageNet},
  Organization             = {Stanford Vision Lab, Stanford University and Princeton University},
  Url                      = {http://image-net.org/},
  Year                     = {2016},

  Owner                    = {fox},
  Timestamp                = {2016.09.19}
}

@Electronic{neuralnetworksanddeeplearning_chap1,
  Title                    = {Neural Network and Deep Learning},
  Author                   = {Michael Nielsen},
  Month                    = {January},
  Url                      = {http://neuralnetworksanddeeplearning.com/chap1.html},
  Year                     = {2016},

  Owner                    = {fox},
  Timestamp                = {2016.09.19}
}

@Electronic{rojas1996,
  Title                    = {Neural Networks - A Systematic Introduction},
  Author                   = {Raul Rojas},
  Url                      = {http://page.mi.fu-berlin.de/rojas/neural/index.html.html},
  Year                     = {1996},

  Owner                    = {fox},
  Timestamp                = {2016.09.19}
}

@Electronic{tensorflow_rna,
  Title                    = {A Neural Network Playground},
  Author                   = {Daniel Smilkov and Shan Carter},
  Month                    = {08},
  Url                      = {http://playground.tensorflow.org},
  Year                     = {2016},

  Owner                    = {fox},
  Timestamp                = {2016.09.18}
}

@Electronic{deeplearning_net_mlp,
  Title                    = {DeepLearning 0.1 documentation},
  Organization             = {LISA Lab},
  Url                      = {http://deeplearning.net/tutorial/mlp.html},
  Year                     = {2016},

  Owner                    = {fox},
  Timestamp                = {2016.09.19}
}

@Electronic{scikit_neural_networks_2016,
  Title                    = {Sci-kit Learn Manual},
  Organization             = {Scikit-learn developers},
  Url                      = {http://scikit-learn.org/dev/modules/neural_networks_supervised.html},
  Year                     = {2016},

  Owner                    = {fox},
  Timestamp                = {2016.09.19}
}

@Electronic{mnistlecunn,
  author = {Yann LeCun, Corinna Cortes and Christopher J.C. Burges},
  year   = {1999},
  url    = {http://yann.lecun.com/exdb/mnist/},
}

@Comment{jabref-meta: databaseType:biblatex;}
